<?xml version="1.0" encoding="UTF-8"?><collection xmlns="http://www.loc.gov/MARC21/slim"><record><leader>00439nam--2200133-i-4500</leader><controlfield tag="001">000028459</controlfield><controlfield tag="002">20161230</controlfield><controlfield tag="005">20161230201037</controlfield><controlfield tag="008">060222s1000------------r-----000-0-eng-d</controlfield><datafield ind1=" " ind2=" " tag="080"><subfield code="a">550.34</subfield></datafield><datafield ind1=" " ind2=" " tag="100"><subfield code="a">Kovesligethy, Rado</subfield></datafield><datafield ind1=" " ind2=" " tag="245"><subfield code="a">Rapport sur les observations faites pendant les annees 1907 et 1908 aux observatoires sismiques des pays de la sainte couronne de hondree</subfield></datafield><datafield ind1=" " ind2=" " tag="260"><subfield code="a">Budapest, Hornyanszky Viktor, 1909, 38p</subfield></datafield><datafield ind1=" " ind2=" " tag="852"><subfield code="a">48046</subfield></datafield></record></collection>